@article{AAfCLR,
	title={Approximation Algorithms for Capacitated Location Routing},
	author={Harks, Tobias and König, Felix G. and Matuschke, Jannik},
	journal   = {Transportation Science},
	volume    = {47},
	number	  = {1},
	pages     = {3-22},
	year      = {2013},
	month	  = {February},
	url       = {http://researchers-sbe.unimaas.nl/tobiasharks/wp-content/uploads/sites/29/2014/02/HKM-TS-2013.pdf},
	doi       = {http://dx.doi.org/10.1287/trsc.1120.0423}
}


@INPROCEEDINGS{Pal01facilitylocation,
	title 		= {Facility Location with Nonuniform Hard Capacities},
	booktitle	= {Proceedings of the 42nd IEEE Symposium on the Foundations of Computer Science},
	author 		= {Martin Pal and Eva Tardos and Tom Wexler},
	year 		= {2001},
	pages 		= {329--338},
	url			= {http://citeseerx.ist.psu.edu/viewdoc/summary?doi=10.1.1.16.1003}	
}


@misc{simple-svg,
	title	= {simple-svg},
	author	= {Mark Turney},
	howpublished = {Google Code Archive},
	year	= {2010},
	url		= {https://code.google.com/archive/p/simple-svg/},
	note	= {simple-svg ist eine header-only C++ Library, mit deren Hilfe einfache svg-Graphicen erstellt werden können.}	
}